% This file was created with JabRef 2.10b2.
% Encoding: ISO8859_1


@Article{AkerlofBadLemons,
  Title                    = {The Market for "Lemons": Quality Uncertainty and the Market Mechanism},
  Author                   = {George A Akerlof},
  Journal                  = {The Quarterly Journal of Economics},
  Year                     = {1970},

  Month                    = {Aug},
  Number                   = {3},
  Pages                    = {488-500},
  Volume                   = {84},

  Owner                    = {anuragr},
  Timestamp                = {2015.12.26}
}

@Article{FafchampsLundPhilippines,
  Title                    = {Risk-sharing networks in rural Philippines},
  Author                   = {Marcel Fafchamps AND Susan Lund},
  Journal                  = {Journal of Development Economics},
  Year                     = {2003},
  Pages                    = {261-287},
  Volume                   = {71},

  Owner                    = {anuragr},
  Timestamp                = {2015.12.23}
}

@Article{JalanRavallionChina,
  Title                    = {Are the poor less well insured? Evidence on vulnerability to income risk in rural China},
  Author                   = {Jyotsna Jalan AND Martin Ravallion},
  Journal                  = {Journal of Development Economics},
  Year                     = {1999},
  Pages                    = {61-81},
  Volume                   = {58},

  Owner                    = {anuragr},
  Timestamp                = {2015.12.23}
}

@Article{RosenzweigStarkMarriage,
  Title                    = {Consumption Smoothening, Migration and Marriage: Evidence from Rural India},
  Author                   = {Mark R Rosenzweig AND Oded Stark},
  Journal                  = {Journal of Political Economy},
  Year                     = {1989},

  Month                    = {Aug},
  Number                   = {4},
  Pages                    = {905-926},
  Volume                   = {97},

  Owner                    = {anuragr},
  Timestamp                = {2015.12.25}
}

