% This file was created with JabRef 2.10b2.
% Encoding: ISO8859_1


@Article{akay_poor_ethiopia,
  Title                    = {Does relative income matter for the very poor? Evidence from rural Ethiopia.},
  Author                   = {Alpaslan Akay and Peter Martinsson},
  Journal                  = {Economics Letters},
  Year                     = {2011},
  Pages                    = {213-215},
  Volume                   = {110},

  Owner                    = {anuragr},
  Timestamp                = {2015.01.22}
}

@Article{bagwell_veblen,
  Title                    = {Veblen effects in a theory of conspicuous consumption},
  Author                   = {Laurie Simon Bagwell and B Douglas Bernheim},
  Journal                  = {The American Economic Review},
  Year                     = {1996},

  Owner                    = {anuragr},
  Timestamp                = {2015.01.19}
}

@Book{breckenridge_consumption_book,
  Title                    = {Consuming Modernity: Public Culture in a South Asian World},
  Author                   = {Carol A. Breckenridge},
  Publisher                = {University of Minnesota Press},
  Year                     = {1995},

  Owner                    = {anuragr},
  Timestamp                = {2015.01.22}
}

@Article{clark_happiness,
  Title                    = {Relative income, happiness, and utility: an explanation for the Easterlin paradox and other puzzles},
  Author                   = {A.E. Clark and P. Frijters and M.A. Shields},
  Journal                  = {Journal of Economic Literature},
  Year                     = {2008},
  Pages                    = {95-144},
  Volume                   = {46},

  Owner                    = {anuragr},
  Timestamp                = {2015.01.22}
}

@Article{krosnick_attitudes,
  Title                    = {Attitude importance and attitude change },
  Author                   = {Jon A. Krosnick},
  Journal                  = {Journal of Experimental Social Psychology },
  Year                     = {1988},
  Number                   = {3},
  Pages                    = {240 - 255},
  Volume                   = {24},

  Doi                      = {http://dx.doi.org/10.1016/0022-1031(88)90038-8},
  ISSN                     = {0022-1031},
  Url                      = {http://www.sciencedirect.com/science/article/pii/0022103188900388}
}

@Article{leys_ILO,
  Title                    = {Interpreting African Underdevelopment: Reflections on the  ILO report on Employment, Incomes and Equality in Kenya},
  Author                   = {Colin Leys},
  Journal                  = {African Affairs},
  Year                     = {1973},
  Number                   = {289},
  Pages                    = {419-429},
  Volume                   = {72},

  Owner                    = {anuragr},
  Timestamp                = {2015.01.22}
}

