% This file was created with JabRef 2.10b2.
% Encoding: ISO8859_1


@Article{bekaert_vix_premium,
  Title                    = {The VIX, the variance premium and stock market volatility},
  Author                   = {Geert Bekaert and Marie Hoerova},
  Journal                  = {Journal of Econometrics},
  Year                     = {2014},
  Note                     = {Analysis of Financial Data },
  Number                   = {2},
  Pages                    = {181 - 192},
  Volume                   = {183},

  Doi                      = {http://dx.doi.org/10.1016/j.jeconom.2014.05.008},
  ISSN                     = {0304-4076},
  Keywords                 = {Option implied volatility},
  Url                      = {http://www.sciencedirect.com/science/article/pii/S0304407614001110}
}

@Article{bekaert_liquidity,
  Title                    = {Liquidity and Expected Returns: Lessons from Emerging Markets},
  Author                   = {BEKAERT, G.; C. HARVEY; and C. LUNDBLAD},
  Journal                  = {Review of Financial Studies},
  Year                     = {2007},

  Owner                    = {anuragr},
  Timestamp                = {2015.01.17}
}

@Article{borrowing_costs_chaplinsky,
  Title                    = {The Borrowing Costs of International Issuers: SEC Rule
144A},
  Author                   = {Chaplinsky, S., Ramchand, L},
  Journal                  = {The Journal of Business},
  Year                     = {2004},
  Number                   = {77},
  Pages                    = {1073-1079},

  Owner                    = {anuragr},
  Timestamp                = {2015.01.17}
}

@Article{DasLiquidity,
  Title                    = {Hedging credit: Equity liquidity matters},
  Author                   = {Sanjiv R. Das and Paul Hanouna},
  Journal                  = {Journal of Financial Intermediation },
  Year                     = {2009},
  Number                   = {1},
  Pages                    = {112 - 123},
  Volume                   = {18},

  Doi                      = {http://dx.doi.org/10.1016/j.jfi.2008.08.005},
  ISSN                     = {1042-9573},
  Keywords                 = {Credit default swap},
  Url                      = {http://www.sciencedirect.com/science/article/pii/S1042957308000521}
}

@Article{helene_adjustment,
  Title                    = {International Financial Adjustment},
  Author                   = {Pierre-Olivier Gourinchas and Helene Rey},
  Journal                  = {NBER Princeton},
  Year                     = {2005},

  Owner                    = {anuragr},
  Timestamp                = {2015.01.17}
}

@Article{helene_rebalancing,
  Title                    = {Can Portfolio Rebalancing Explain the Dynamics of Equity Returns, Equity Flows, and Exchange Rates?},
  Author                   = {Harald Hau, Helene Rey},
  Journal                  = {NBER Working Paper 10476},
  Year                     = {2004},
  Note                     = {http://www.nber.org/papers/w10476},

  Owner                    = {anuragr},
  Timestamp                = {2015.01.17}
}

@Article{lang_liquidity,
  Title                    = {Transparency, Liquidity, and Valuation: International Evidence on When Transparency Matters Most},
  Author                   = {Lang, Mark H. and Lins, Karl V. and Maffett, Mark G},
  Journal                  = {Journal of Accounting Research},
  Year                     = {2011},
  Note                     = {http://ssrn.com/abstract=1323514},

  Owner                    = {anuragr},
  Timestamp                = {2015.01.17}
}

@Article{helene_dilemma,
  Title                    = {{Dilemma not trilemma: the global cycle and monetary policy independence}},
  Author                   = {Rey, Helene},
  Journal                  = {Proceedings - Economic Policy Symposium - Jackson Hole},
  Year                     = {2013},
  Pages                    = {1-2},

  Abstract                 = {No abstract is available for this item.},
  Keywords                 = {Monetary policy; Business cycles; Capital},
  Url                      = {http://ideas.repec.org/a/fip/fedkpr/y2013x9.html}
}

