% This file was created with JabRef 2.10b2.
% Encoding: ISO8859_1


@Article{NFSC2000,
  Title                    = {Report of the National Food Survey Committee},
  Author                   = {David Thompson AND Richard Aldritt AND Caroline Bolton-Smith AND Judith Buttress AND Andrew Chester AND Susan Church AND Neil Ritchie AND Spencer Henson AND Richard Hutchins AND Tony Manners AND Michael Nelson AND Stuart Platt AND Robert Price AND Tom Stainer AND Robert Wenlock AND Martin Wisemann},
  Year                     = {2000},

  Owner                    = {anuragr},
  Timestamp                = {2015.12.23}
}

@Electronic{FoodSurvey2013,
  Title                    = {National Food Survey},

  Address                  = {http://webarchive.nationalarchives.gov.uk/20130103014432/http://www.defra.gov.uk/statistics/foodfarm/food/familyfood/nationalfoodsurvey/},
  Organization             = {Department of Environment, Food and Rural Affairs},
  Year                     = {2013},

  Owner                    = {anuragr},
  Timestamp                = {2015.12.23}
}

