% This file was created with JabRef 2.10.
% Encoding: ISO8859_1
@article{allenJPMvarianceswaps2006,
  title={Variance swaps},
  author={Allen, Peter and Einchcomb, Stephen and Granger, Nicolas},
  journal={London: JP Morgan (November)},
  year={2006}
}


@article{demeterfidermanvolswaps1999,
  title={More than you ever wanted to know about volatility swaps},
  author={Demeterfi, Kresimir and Derman, Emanuel and Kamal, Michael and Zou, Joseph},
  journal={Goldman Sachs quantitative strategies research notes},
  volume={41},
  pages={1--56},
  year={1999}
}

@article{carrmadanvoltrading1998,
  title={Towards a theory of volatility trading},
  author={Carr, Peter and Madan, Dilip},
  journal={Volatility: New estimation techniques for pricing derivatives},
  volume={29},
  pages={417--427},
  year={1998}
}